<record><leader>01789nam a2200481 i 4500</leader><controlfield tag="001">6733371</controlfield><controlfield tag="003">CaONFJC</controlfield><controlfield tag="005">20141006113050.0</controlfield><controlfield tag="006">m        d        </controlfield><controlfield tag="007">cr||n|||||||||</controlfield><controlfield tag="008">140904s2015    paua    ob    001 0 eng d</controlfield><datafield ind1=" " ind2=" " tag="020"><subfield code="a">0803640927</subfield></datafield><datafield ind1=" " ind2=" " tag="020"><subfield code="a">9780803640924</subfield></datafield><datafield ind1=" " ind2=" " tag="020"><subfield code="a">9781322088525 (MyiLibrary)</subfield></datafield><datafield ind1=" " ind2=" " tag="035"><subfield code="a">ocn891384313</subfield></datafield><datafield ind1=" " ind2=" " tag="037"><subfield code="a">640103</subfield><subfield code="b">MIL</subfield></datafield><datafield ind1=" " ind2=" " tag="039"><subfield code="a">exclude</subfield></datafield><datafield ind1=" " ind2=" " tag="040"><subfield code="a">CaONFJC</subfield><subfield code="c">CaONFJC</subfield><subfield code="e">rda</subfield><subfield code="d">AEU</subfield></datafield><datafield ind1="0" ind2="4" tag="050"><subfield code="a">RC440</subfield><subfield code="b">.T693 2015eb</subfield></datafield><datafield ind1=" " ind2="4" tag="060"><subfield code="a">WY 160</subfield><subfield code="b">T749p 2015</subfield></datafield><datafield ind1="0" ind2="4" tag="082"><subfield code="a">616.89/0231</subfield><subfield code="2">23</subfield></datafield><datafield ind1=" " ind2=" " tag="090"><subfield code="a">Internet Access</subfield><subfield code="b">AEGMCT</subfield></datafield><datafield ind1="1" ind2=" " tag="100"><subfield code="a">Townsend, Mary C.,</subfield><subfield code="d">1941-</subfield></datafield><datafield ind1="1" ind2="0" tag="245"><subfield code="a">Psychiatric mental health nursing :</subfield><subfield code="b">concepts of care in evidence-based practice /</subfield><subfield code="c">Mary C. Townsend, DSN, PMHCNS-BC.</subfield></datafield><datafield ind1=" " ind2=" " tag="250"><subfield code="a">Eighth edition</subfield></datafield><datafield ind1=" " ind2="1" tag="264"><subfield code="a">Philadelphia :</subfield><subfield code="b">F.A. Davis Company,</subfield><subfield code="c">[2015]</subfield></datafield><datafield ind1=" " ind2="4" tag="264"><subfield code="c">&#169;2015</subfield></datafield><datafield ind1=" " ind2=" " tag="300"><subfield code="a">1 online resource (xxiv, 961 pages) :</subfield><subfield code="b">colored illustrations</subfield></datafield><datafield ind1=" " ind2=" " tag="336"><subfield code="a">text</subfield><subfield code="b">txt</subfield><subfield code="2">rdacontent</subfield></datafield><datafield ind1=" " ind2=" " tag="337"><subfield code="a">computer</subfield><subfield code="b">c</subfield><subfield code="2">rdamedia</subfield></datafield><datafield ind1=" " ind2=" " tag="338"><subfield code="a">online resource</subfield><subfield code="b">cr</subfield><subfield code="2">rdacarrier</subfield></datafield><datafield ind1=" " ind2=" " tag="504"><subfield code="a">Includes bibliographical references and index.</subfield></datafield><datafield ind1=" " ind2=" " tag="506"><subfield code="a">Access restricted to authorized users and institutions.</subfield></datafield><datafield ind1=" " ind2=" " tag="588"><subfield code="a">Description based on print version record.</subfield></datafield><datafield ind1=" " ind2=" " tag="596"><subfield code="a">57</subfield></datafield><datafield ind1=" " ind2="0" tag="650"><subfield code="a">Psychiatric nursing.</subfield></datafield><datafield ind1="1" ind2="2" tag="650"><subfield code="a">Psychiatric Nursing</subfield><subfield code="x">methods.</subfield></datafield><datafield ind1="2" ind2="2" tag="650"><subfield code="a">Evidence-Based Nursing.</subfield></datafield><datafield ind1="2" ind2="2" tag="650"><subfield code="a">Mental Disorders</subfield><subfield code="x">nursing.</subfield></datafield><datafield ind1="2" ind2="2" tag="650"><subfield code="a">Psychotherapy</subfield><subfield code="x">methods.</subfield></datafield><datafield ind1="4" ind2="0" tag="856"><subfield code="3">MacEwan University Access</subfield><subfield code="u">http://lib.myilibrary.com/detail.asp?ID=640103</subfield><subfield code="z">(Single User Access)</subfield><subfield code="z">from MyiLibrary</subfield></datafield><datafield ind1=" " ind2=" " tag="949"><subfield code="h">UAIN</subfield><subfield code="m">GR_MAC_INT</subfield><subfield code="p">175.90</subfield><subfield code="z">MILGM</subfield></datafield><datafield ind1=" " ind2=" " tag="926"><subfield code="a">Internet Access</subfield><subfield code="w">LC</subfield><subfield code="c">1</subfield><subfield code="i">6733371-2001</subfield><subfield code="l">INTERNET</subfield><subfield code="m">GR_MAC_INT</subfield><subfield code="p">$175.90</subfield><subfield code="r">Y</subfield><subfield code="s">Y</subfield><subfield code="t">E-RESOURCE</subfield><subfield code="u">11/13/2014</subfield><subfield code="x">E-BOOK</subfield><subfield code="z">MILGM</subfield></datafield></record>